<collection xmlns="http://www.loc.gov/MARC21/slim"><record><leader>00795nam  2200241   450</leader><controlfield tag="001">301</controlfield><controlfield tag="003">http://montalegre.opacnet.com/OPAC/default.aspx?ContentAreaControl=ShowRegHoldings.ascx&amp;RegNo=16662</controlfield><datafield tag="021" ind1=" " ind2=" "><subfield code="a">PT</subfield><subfield code="b">15516/87</subfield></datafield><datafield tag="095" ind1=" " ind2=" "><subfield code="a">PTBN00041327</subfield></datafield><datafield tag="100" ind1=" " ind2=" "><subfield code="a">20070518d1987    m  y0pora0103    ba</subfield></datafield><datafield tag="101" ind1="1" ind2=" "><subfield code="a">por</subfield><subfield code="c">eng</subfield></datafield><datafield tag="102" ind1=" " ind2=" "><subfield code="a">PT</subfield></datafield><datafield tag="200" ind1="1" ind2=" "><subfield code="a">Histórias de Goldkorn</subfield><subfield code="f">Leslie Epstein</subfield><subfield code="g">trad. de J. Teixeira de Aguilar</subfield></datafield><datafield tag="205" ind1=" " ind2=" "><subfield code="a">1ª ed</subfield></datafield><datafield tag="210" ind1=" " ind2=" "><subfield code="a">Lisboa</subfield><subfield code="c">Dom Quixote</subfield><subfield code="d">1987</subfield></datafield><datafield tag="215" ind1=" " ind2=" "><subfield code="a">237 p.</subfield><subfield code="d">24 cm</subfield></datafield><datafield tag="225" ind1="2" ind2=" "><subfield code="a">Ficção universal</subfield><subfield code="v">22</subfield></datafield><datafield tag="304" ind1=" " ind2=" "><subfield code="a">Tít. orig. Goldkorn tales</subfield></datafield><datafield tag="675" ind1=" " ind2=" "><subfield code="a">821</subfield><subfield code="v">BN</subfield><subfield code="z">por</subfield><subfield code="3">302111</subfield></datafield><datafield tag="700" ind1=" " ind2="1"><subfield code="a">Epstein</subfield><subfield code="b">Leslie</subfield><subfield code="3">302112</subfield></datafield><datafield tag="702" ind1=" " ind2="1"><subfield code="a">Aguilar</subfield><subfield code="b">J. Teixeira de</subfield><subfield code="f">1945-</subfield><subfield code="4">730</subfield><subfield code="3">2904</subfield></datafield><datafield tag="801" ind1=" " ind2="0"><subfield code="a">PT</subfield><subfield code="b">Biblioteca Municipal de Montalegre</subfield><subfield code="g">RPC</subfield></datafield><datafield tag="856" ind1=" " ind2=" "><subfield code="u">locateMedia.asp?cod=20060511122240&amp;ext=jpg</subfield><subfield code="z">CAPA</subfield></datafield><datafield tag="909" ind1="&#9;" ind2=" "><subfield code="a">1</subfield></datafield><datafield tag="966" ind1=" " ind2=" "><subfield code="a">0008469</subfield><subfield code="l">BMM</subfield><subfield code="s">SCG 821 EPS his 22</subfield></datafield></record></collection>